@inproceedings{DBLP:conf/icde/ChengLP10,
  author    = {Tao Cheng and
               Hady Wirawan Lauw and
               Stelios Paparizos},
  title     = {Fuzzy matching of Web queries to structured data},
  booktitle = {Proceedings of the 26th International Conference on Data Engineering,
               {ICDE} 2010, March 1-6, 2010, Long Beach, California, {USA}},
  pages     = {713--716},
  year      = {2010},
  crossref  = {DBLP:conf/icde/2010},
  url       = {http://dx.doi.org/10.1109/ICDE.2010.5447817},
  doi       = {10.1109/ICDE.2010.5447817},
  timestamp = {Sat, 09 Aug 2014 14:37:14 +0200},
  biburl    = {http://dblp.uni-trier.de/rec/bib/conf/icde/ChengLP10},
  bibsource = {dblp computer science bibliography, http://dblp.org}
}
@proceedings{DBLP:conf/icde/2010,
  editor    = {Feifei Li and
               Mirella M. Moro and
               Shahram Ghandeharizadeh and
               Jayant R. Haritsa and
               Gerhard Weikum and
               Michael J. Carey and
               Fabio Casati and
               Edward Y. Chang and
               Ioana Manolescu and
               Sharad Mehrotra and
               Umeshwar Dayal and
               Vassilis J. Tsotras},
  title     = {Proceedings of the 26th International Conference on Data Engineering,
               {ICDE} 2010, March 1-6, 2010, Long Beach, California, {USA}},
  publisher = {{IEEE}},
  year      = {2010},
  isbn      = {978-1-4244-5444-0},
  timestamp = {Fri, 25 Jun 2010 21:55:37 +0200},
  biburl    = {http://dblp.uni-trier.de/rec/bib/conf/icde/2010},
  bibsource = {dblp computer science bibliography, http://dblp.org}
}
